@article {ansari2014sequential_action_control,
	title = {Sequential Action Control: Closed-Form Optimal Control for Nonlinear Systems},
	journal = {IEEE Transactions on Robotics},
	year = {Submitted},
	author = {Alex Ansari and Todd D Murphey},
	url={http://nxr.northwestern.edu/publications/sequential-action-control-closed-form}
}

@conference {mama2015acc,
	title = {Controlling Underactuated Underwater Vehicles with Added Mass and Velocity Drift Using Sequential Action Control},
	booktitle = {American Control Conference (ACC)},
	year = {Submitted},
	author = {Giorgos Mamakoukas and Malcolm A MacIver and Todd D Murphey}
}

@conference {ansari2015adhs,
	title = {Sequential Action Control for Tracking of Free Invariant Manifolds},
	booktitle = {Conference on Analysis and Design of Hybrid Systems},
	year = {2015},
	pages={335--342},
	author = {Alex Ansari and Kathrin Fla{\ss}kamp and Todd D Murphey}
}

@conference {ansari2014acc,
	title = {Control-On-Request: Short-Burst Assistive Control for Long Time Horizon Improvement},
	booktitle = {American Control Conference (ACC)},
	year = {2015},
	author = {Alex Ansari and Todd D Murphey}
}

@article{cristofalo2020geod,
	title={{GeoD}: Consensus-based Geodesic Distributed Pose Graph Optimization},
	author={Cristofalo, Eric and Montijano, Eduardo and Schwager, Mac},
	journal={arXiv e-prints},
	pages={arXiv--2010},
	year={2020}
}

@conference {ansari2015adhs,
	title = {Sequential Action Control for Tracking of Free Invariant Manifolds},
	booktitle = {Conference on Analysis and Design of Hybrid Systems},
	year = {2015},
	pages = {335-342},
	author = {Alex Ansari and Kathrin Fla{\ss}kamp and Todd D Murphey}
}

@conference {wilson2015iros,
	title = {Real-time Trajectory Synthesis for Information Maximization using Sequential Action Control and Least-Squares Estimation},
	booktitle = {IEEE/RSJ International Conference on Intelligent Robots and Systems (IROS)},
	year = {2015},
	pages = {4935-4940},
	author = {Andrew D Wilson and Schultz, J.A. and Alex Ansari and Todd D Murphey}
}

@article{allgower2004nonlinear,
	title={Nonlinear model predictive control: From theory to application},
	author={Allg{\"o}wer, Frank and Findeisen, Rolf and Nagy, Zoltan K},
	journal={Journal of the Chinese Institute of Chemical Engineers},
	volume={35},
	number={3},
	pages={299--315},
	year={2004}
}

@book{allgower2012nonlinear,
	title={Nonlinear model predictive control},
	author={Allg{\"o}wer, Frank and Zheng, Alex},
	volume={26},
	year={2012},
	publisher={Birkh{\"a}user}
}

@article{huang2014convex,
	title={Convex model predictive control for vehicular systems},
	author={Huang, Tiffany A and Horowitz, Matanya B and Burdick, Joel W},
	journal={arXiv preprint arXiv:1410.2792},
	year={2014}
}

@inproceedings{garimellatowards,
	title={Towards Model-predictive Control for Aerial Pick-and-Place},
	author={Garimella, Gowtham and Kobilarov, Marin},
	booktitle={IEEE International Conference on Robotics and Automation (ICRA)},
	pages={4692--4697},
	year={2015}
}

@inproceedings{wu2015safety,
	title={Safety-critical and constrained geometric control synthesis using control {Lyapunov} and control Barrier functions for systems evolving on manifolds},
	author={Wu, Guofan and Sreenath, Koushil},
	booktitle={American Control Conference (ACC)},
	pages={2038--2044},
	year={2015},
}

@book{hall2003lie,
	title={{L}ie groups, {L}ie algebras, and representations},
	author={Hall, Brian C},
	volume={222},
	year={2003},
	publisher={Springer-Verlag}
}

@book{marsden1999introduction,
	title={Introduction to mechanics and symmetry: a basic exposition of classical mechanical systems},
	author={Marsden, Jerrold E and Ratiu, Tudor S},
	volume={17},
	year={1999},
	publisher={Springer-Verlag}
}

@book{marsden1992lectures,
	title={Lectures on mechanics},
	author={Marsden, Jerrold E},
	volume={174},
	year={1992},
	publisher={Cambridge University Press}
}

@book{bullo2005geometric,
	title={Geometric control of mechanical systems},
	author={Bullo, Francesco and  Lewis, Andrew},
	volume={49},
	year={2005},
	publisher={Springer-Verlag}
}

@article{kobilarov2011discrete,
	title={Discrete geometric optimal control on {Lie} groups},
	author={Kobilarov, Marin B and Marsden, Jerrold E},
	journal={IEEE Transactions on Robotics},
	volume={27},
	number={4},
	pages={641--655},
	year={2011},
	publisher={IEEE}
}

@inproceedings{leok2007overview,
	title={An overview of {Lie group} variational integrators and their applications to optimal control},
	author={Leok, Melvin},
	booktitle={International Conference on SCientific Computation and Differential Equations},
	year={2007}
}

@inproceedings{kobilarov2014discrete,
	title={Discrete optimal control on {L}ie groups and applications to robotic vehicles},
	author={Kobilarov, Marin},
	booktitle={IEEE International Conference on Robotics and Automation (ICRA)},
	pages={5523--5529},
	year={2014},
}

@inproceedings{walsh1994optimal,
	title={Optimal path planning on matrix {Lie} groups},
	author={Walsh, Gregory C and Montgomery, Richard and Sastry, S Shankar},
	booktitle={IEEE Conference on Decision and Control (CDC)},
	year={1994},
}

@article{saccon2013optimal,
	title={Optimal control on {Lie} groups: The projection operator approach},
	author={Saccon, Alessandro and Hauser, John and Aguiar, A Pedro},
	journal={IEEE Transactions on Automatic Control},
	volume={58},
	number={9},
	pages={2230--2245},
	year={2013},
	publisher={IEEE}
}

@book{murray1994mathematical,
	title={A mathematical introduction to robotic manipulation},
	author={Murray, Richard M and Li, Zexiang and Sastry, S Shankar and Sastry, S Shankara},
	year={1994},
	publisher={CRC press}
}

@book{polak1997opt,
	title={Optimization: Algorithms and Consistent Approximations},
	author={Polak, Elijah},
	year={1997},
	publisher={Springer-Verlag}
}

@article{egerstedt2006transition,
	title={Transition-time optimization for switched-mode dynamical systems},
	author={Egerstedt, Magnus and Wardi, Yorai and Axelsson, Henrik},
	journal={IEEE Transactions on Automatic Control},
	volume={51},
	number={1},
	pages={110--115},
	year={2006},
	publisher={IEEE}
}

@conference {caldwell2010adjoint,
	title = {An adjoint method for second-order switching time optimization},
	booktitle = {IEEE Conference on Decision and Control (CDC)},
	year = {2010},
	author = {Timothy M Caldwell and Todd D Murphey}
}

@article {caldwell2012projection,
	title = {Projection-Based Switched System Optimization},
	journal = {American Control Conference (ACC)},
	year = {2012},
	author = {Timothy M Caldwell and Todd D Murphey}
}

@article{egerstedt2006transition,
	title={Transition-time optimization for switched-mode dynamical systems},
	author={Egerstedt, Magnus and Wardi, Yorai and Axelsson, Henrik},
	journal={IEEE Transactions on Automatic Control},
	volume={51},
	number={1},
	pages={110--115},
	year={2006},
	publisher={IEEE}
}

@inproceedings{egerstedt2003optimal,
	title={Optimal control of switching times in switched dynamical systems},
	author={Egerstedt, Magnus and Wardi, Yorai and Delmotte, Florent},
	booktitle={IEEE Conference on Decision and Control},
	pages={2138--2143},
	year={2003},
}

@book{hairer2006geometric,
	title={Geometric numerical integration: structure-preserving algorithms for ordinary differential equations},
	author={Hairer, Ernst and Lubich, Christian and Wanner, Gerhard},
	volume={31},
	year={2006},
	publisher={Springer Science \& Business Media}
}

@article{celledoni2003lie,
	title={{L}ie group methods for rigid body dynamics and time integration on manifolds},
	author={Celledoni, Elena and Owren, Brynjulf},
	journal={Computer Methods in Applied Mechanics and Engineering},
	volume={192},
	number={3},
	pages={421--438},
	year={2003},
	publisher={Elsevier}
}

@incollection{qin2000overview,
	title={An overview of nonlinear model predictive control applications},
	author={Qin, S Joe and Badgwell, Thomas A},
	booktitle={Nonlinear model predictive control},
	pages={369--392},
	year={2000},
	publisher={Springer}
}

@article{milnor1976curvatures,
	title={Curvatures of left invariant metrics on {L}ie groups},
	author={Milnor, John},
	journal={Advances in mathematics},
	volume={21},
	number={3},
	pages={293--329},
	year={1976},
	publisher={Elsevier}
}

@book{mls1994,
	title={A mathematical introduction to robotic manipulation},
	author={Murray, Richard M and Li, Zexiang and Sastry, S Shankar and Sastry, S Shankara},
	year={1994},
	publisher={CRC press}
}

@inproceedings{shen2004dynamics,
	title={Dynamics and control of a 3{D} pendulum},
	author={Shen, Jinglai and Sanyal, Amit K and Chaturvedi, Nalin A and Bernstein, Dennis and McClamroch, Harris},
	booktitle={IEEE Conference on Decision and Control (CDC)},
	year={2004},
}

@article{chaturvedi2011nonlinear,
	title={Nonlinear dynamics of the 3{D} pendulum},
	author={Chaturvedi, Nalin A and Lee, Taeyoung and Leok, Melvin and McClamroch, N Harris},
	journal={Journal of Nonlinear Science},
	volume={21},
	number={1},
	pages={3--32},
	year={2011},
	publisher={Springer-Verlag}
}

@inproceedings{lee2010geometric,
	title={Geometric tracking control of a quadrotor {UAV} on {SE}(3)},
	author={Lee, Taeyoung and Leok, Melvin and McClamroch, N Harris},
	booktitle={IEEE Conference on Decision and Control (CDC)},
	pages={5420--5425},
	year={2010},
}

@inproceedings{mellinger2011minimum,
	title={Minimum snap trajectory generation and control for quadrotors},
	author={Mellinger, Daniel and Kumar, Vijay},
	booktitle={IEEE International Conference on Robotics and Automation (ICRA)},
	year={2011},
}

@book{lavalle2006planning,
	title={Planning Algorithms},
	author={LaValle, S.M.},
	isbn={9780521862059},
	lccn={20060105},
	year={2006},
	publisher={Cambridge University Press}
}

@book{khalil1996nonlinear,
	title={Nonlinear Systems},
	author={Khalil, Hassan K},
	publisher={Prentice Hall},
	year={2002},
}

@article{kobilarov2014nonlinear,
	title={Nonlinear Trajectory Control of Multi-body Aerial Manipulators},
	author={Kobilarov, Marin},
	journal={Journal of Intelligent \& Robotic Systems},
	volume={73},
	number={1-4},
	pages={679--692},
	year={2014},
	publisher={Springer}
}

@Conference{sreenath2013dynamics,
	Title = {Dynamics, Control and Planning for Cooperative Manipulation of Payloads Suspended by Cables from Multiple Quadrotor Robots},
	Author = {Koushil Sreenath and Vijay Kumar},
	Booktitle = {Robotics: Science and Systems (RSS)},
	Year = {2013}
}

%@article{sreenath2013dynamics,
	%  title={Dynamics, control and planning for cooperative manipulation of payloads suspended by cables from multiple quadrotor robots},
	%  author={Sreenath, Koushil and Kumar, Vijay},
	%  journal={rn},
	%  volume={1},
	%  number={r2},
	%  pages={r3},
	%  year={2013}
	%}

@article{bemporad2002model,
	title={Model predictive control based on linear programming -- the explicit solution},
	author={Bemporad, Alberto and Borrelli, Francesco and Morari, Manfred},
	journal={IEEE Transactions on Automatic Control},
	volume={47},
	number={12},
	pages={1974--1985},
	year={2002}
}

@book{bertsekas1999nonlinear,
	author       = {Bertsekas, Dimitri P},
	title        = {Nonlinear Programming},
	publisher    = {Athena Scientific},
	year         = {1999}
}

@article{kokolovie1992joy,
	title={The joy of feedback: nonlinear and adaptive},
	author={Kokolovi{\'e}, Pelor V},
	journal={IEEE Control Systems},
	volume={12},
	number={3},
	pages={7--17},
	publisher={IEEE},
	year={1992}
}

@book{anderson2007optimal,
	title={Optimal Control: Linear Quadratic Methods},
	author={Anderson, Brian and Moore, John},
	year={2007},
	publisher={Courier Corporation}
}

@article{tedrake2010lqr,
	title={L{Q}{R}-trees: Feedback motion planning via sums-of-squares verification},
	author={Tedrake, Russ and Manchester, Ian R and Tobenkin, Mark and Roberts, John W},
	journal={The International Journal of Robotics Research},
	volume={29},
	number={8},
	pages={1038--1052},
	year={2010},
	publisher={SAGE Publications}
}

@article{majumdar2014convex,
	title={Convex optimization of nonlinear feedback controllers via occupation measures},
	author={Majumdar, Anirudha and Vasudevan, Ram and Tobenkin, Mark M and Tedrake, Russ},
	journal={The International Journal of Robotics Research},
	pages={1209-1230 },
	year={2014},
	publisher={SAGE Publications}
}

@inproceedings{majumdar2013control,
	title={Control design along trajectories with sums of squares programming},
	author={Majumdar, Angshul and Ahmadi, Amir Ali and Tedrake, Russ},
	booktitle={Robotics and Automation (ICRA), 2013 IEEE International Conference on},
	pages={4054--4061},
	year={2013},
	organization={IEEE}
}

@inproceedings{zefran1996choice,
	title={Choice of {R}iemannian metrics for rigid body kinematics},
	author={Zefran, Milos and Kumar, Vijay and Croke, Christopher},
	booktitle={ASME 24th Biennial Mechanisms Conference},
	year={1996}
}

@article{caldwell2011switching,
	title={Switching mode generation and optimal estimation with application to skid-steering},
	author={Caldwell, Timothy M and Murphey, Todd D},
	journal={Automatica},
	volume={47},
	number={1},
	pages={50--64},
	year={2011},
	publisher={Elsevier}
}

@inproceedings{jarvis2003some,
	title={Some controls applications of sum of squares programming},
	author={Jarvis-Wloszek, Zachary and Feeley, Ryan and Tan, Weehong and Sun, Kunpeng and Packard, Andrew},
	booktitle={IEEE Conference on Decision and Control (CDC)},
	pages={4676--4681},
	year={2003},
}

@Article{murphey-ral2016,
	title={Model-based reactive control for hybrid and high-dimensional robotic systems},
	author={Tzorakoleftherakis, Emmanouil and Ansari, Alexander and Wilson, Andrew and Schultz, Jarvis and Murphey, Todd},
	journal =      {{IEEE} Robotics and Automation Letters},
	volume={1},
	number={1},
	pages={431-438},
	year ={2016}
}

@inproceedings{li2004iterative,
	title={Iterative linear quadratic regulator design for nonlinear biological movement systems.},
	author={Li, Weiwei and Todorov, Emanuel},
	booktitle={ICINCO (1)},
	pages={222--229},
	year={2004}
}

@inproceedings{todorov2005generalized,
	title={A generalized iterative {LQG} method for locally-optimal feedback control of constrained nonlinear stochastic systems},
	author={Todorov, Emanuel and Li, Weiwei},
	booktitle={American Control Conference (ACC)},
	pages={300--306},
	year={2005},
	%organization={IEEE}
}

@article{mayne1966second,
	title={A second-order gradient method for determining optimal trajectories of non-linear discrete-time systems},
	author={Mayne, David},
	journal={International Journal of Control},
	volume={3},
	number={1},
	pages={85--95},
	year={1966},
	publisher={Taylor \& Francis}
}

@inproceedings{tassa2014control,
	title={Control-limited differential dynamic programming},
	author={Tassa, Yuval and Mansard, Nicolas and Todorov, Emo},
	booktitle={IEEE International Conference on Robotics and Automation (ICRA)},
	pages={1168--1175},
	year={2014},
	%organization={IEEE}
}

@incollection{selig2004lie,
	title={{Lie} groups and {Lie} algebras in robotics},
	author={Selig, Jon M},
	booktitle={Computational Noncommutative Algebra and Applications},
	pages={101--125},
	year={2004},
	publisher={Springer}
}

@article{gill2005snopt,
	title={{SNOPT}: An {SQP} algorithm for large-scale constrained optimization},
	author={Gill, Philip E and Murray, Walter and Saunders, Michael A},
	journal={SIAM review},
	volume={47},
	number={1},
	pages={99--131},
	year={2005},
	publisher={SIAM}
}

@article{bertsekas1982projected,
	title={Projected Newton methods for optimization problems with simple constraints},
	author={Bertsekas, Dimitri P},
	journal={SIAM Journal on Control and Optimization},
	volume={20},
	number={2},
	pages={221--246},
	year={1982},
	publisher={SIAM}
}

@article {ansari2016sac,
	title = {Sequential Action Control: Closed-Form Optimal Control for Nonlinear Systems},
	journal = {IEEE Transactions on Robotics},
	year = {Conditionally accepted},
	author = {Alex Ansari and Todd D Murphey}
}

@inproceedings{fan2015structured,
	title={Structured linearization of discrete mechanical systems on Lie groups: A synthesis of analysis and control},
	author={Fan, Taosha and Murphey, Todd},
	booktitle={IEEE Conference on Decision and Control (CDC)},
	pages={1092--1099},
	year={2015},
}

@inproceedings{fan2016online,
	title={Online Feedback Control for Input-Saturated Robotic Systems on Lie Groups},
	author={Fan, Taosha and Murphey, Todd},
	booktitle={Robotics: Science and Systems Conference (RSS)},
	year={2016},
}
@book{hall2003lie,
	title={{L}ie groups, {L}ie algebras, and representations},
	author={Hall, Brian C},
	volume={222},
	year={2003},
	publisher={Springer-Verlag}
}

@inproceedings{rubenstein2013collective,
	title={Collective transport of complex objects by simple robots: theory and experiments},
	author={Rubenstein, Michael and Cabrera, Adrian and Werfel, Justin and Habibi, Golnaz and McLurkin, James and Nagpal, Radhika},
	booktitle={Proceedings of the 2013 international conference on Autonomous agents and multi-agent systems},
	pages={47--54},
	year={2013},
	organization={International Foundation for Autonomous Agents and Multiagent Systems}
}

@article{chen2015occlusion,
	title={Occlusion-based cooperative transport with a swarm of miniature mobile robots},
	author={Chen, Jianing and Gauci, Melvin and Li, Wei and Kolling, Andreas and Gro{\ss}, Roderich},
	journal={IEEE Transactions on Robotics},
	volume={31},
	number={2},
	pages={307--321},
	year={2015},
	publisher={IEEE}
}

@inproceedings{wu2014geometric,
	title={Geometric control of multiple quadrotors transporting a rigid-body load},
	author={Wu, Guofan and Sreenath, Koushil},
	booktitle={IEEE Conference on Decision and Control (CDC)},
	year={2014},
}

@inproceedings{erhart2013adaptive,
	title={Adaptive force/velocity control for multi-robot cooperative manipulation under uncertain kinematic parameters},
	author={Erhart, Sebastian and Hirche, Sandra},
	booktitle={IEEE/RSJ International Conference on Intelligent Robots and Systems (IROS)},
	pages={307--314},
	year={2013},
	organization={IEEE}
}

@article{pereira2004decentralized,
	title={Decentralized algorithms for multi-robot manipulation via caging},
	author={Pereira, Guilherme AS and Campos, Mario FM and Kumar, Vijay},
	journal={The International Journal of Robotics Research},
	year={2004},
}

@inproceedings{fink2008multi,
	title={Multi-robot manipulation via caging in environments with obstacles},
	author={Fink, Jonathan and Hsieh, M Ani and Kumar, Vijay},
	booktitle={IEEE International Conference on Robotics and Automation (ICRA)},
	year={2008},
}

@inproceedings{chen2013strategy,
	title={A strategy for transporting tall objects with a swarm of miniature mobile robots},
	author={Chen, Jianing and Gauci, Melvin and Gro{\ss}, Roderich},
	booktitle={IEEE International Conference on Robotics and Automation (ICRA)},
	year={2013},
}

@incollection{wang2016multi,
	title={Multi-robot manipulation without communication},
	author={Wang, Zijian and Schwager, Mac},
	booktitle={Distributed Autonomous Robotic Systems},
	pages={135--149},
	year={2016},
}

@inproceedings{becker2013massive,
	title={Massive uniform manipulation: Controlling large populations of simple robots with a common input signal},
	author={Becker, Aaron and Habibi, Golnaz and Werfel, Justin and Rubenstein, Michael and McLurkin, James},
	booktitle={IEEE/RSJ International Conference on Intelligent Robots and Systems (IROS)},
	year={2013},
}

@article{verginis2016robust,
	title={Robust Quaternion-based Cooperative Manipulation without Force/Torque Information⋆},
	author={Verginis, Christos K and Mastellaro, Matteo and Dimarogonas, Dimos V},
	journal={arXiv preprint arXiv:1610.01297},
	year={2016}
}

@inproceedings{yamashita2000motion,
	title={Motion planning for cooperative transportation of a large object by multiple mobile robots in a 3D environment},
	author={Yamashita, Atsushi and Fukuchi, Masaki and Ota, Jun and Arai, Tamio and Asama, Hajime},
	booktitle={IEEE International Conference on Robotics and Automation (ICRA)},
	year={2000},
}

@article{bonitz1996internal,
	title={Internal force-based impedance control for cooperating manipulators},
	author={Bonitz, RC and Hsia, Tien C},
	journal={IEEE Transactions on Robotics and Automation},
	year={1996},
}

@inproceedings{franchi2014distributed,
	title={Distributed estimation of the inertial parameters of an unknown load via multi-robot manipulation},
	author={Franchi, Antonio and Petitti, Antonio and Rizzo, Alessandro},
	booktitle={IEEE Conference on Decision and Control (CDC)},
	year={2014},
}

@inproceedings{murphey2008adaptive,
	title={Adaptive cooperative manipulation with intermittent contact},
	author={Murphey, Todd D and Horowitz, Matanya},
	booktitle={IEEE International Conference on Robotics and Automation (ICRA)},
	year={2008},
}

@inproceedings{franchi2015decentralized,
	title={Decentralized parameter estimation and observation for cooperative mobile manipulation of an unknown load using noisy measurements},
	author={Franchi, Antonio and Petitti, Antonio and Rizzo, Alessandro},
	booktitle={IEEE International Conference on Robotics and Automation (ICRA)},
	year={2015},
}
s
@inproceedings{daniilidis1996dual,
	title={The dual quaternion approach to hand-eye calibration},
	author={Daniilidis, Konstantinos and Bayro-Corrochano, Eduardo},
	booktitle={IEEE International Conference on Pattern Recognition},
	year={1996},
}

@article{srivatsan2016estimating,
	title={Estimating {${SE(3)}$} elements using a dual-quaternion based linear {Kalman} filter},
	author={Srivatsan, Rangaprasad Arun and Rosen, Gillian T and Naina, FM and Choset, Howie},
	journal={the proceedings of Robotics Science and Systems},
	year={2016}
}

@inproceedings{wang2016kinematic,
	title={Kinematic multi-robot manipulation with no communication using force feedback},
	author={Wang, Zijian and Schwager, Mac},
	booktitle={IEEE International Conference on Robotics and Automation (ICRA)},
	year={2016},
}

@article{choukroun2006novel,
	title={Novel quaternion {Kalman} filter},
	author={Choukroun, Daniel and Bar-Itzhack, Itzhack Y and Oshman, Yaakov},
	journal={IEEE Transactions on Aerospace and Electronic Systems},
	year={2006},
}

@article{sorenson1970least,
	title={Least-squares estimation: from {Gauss} to {Kalman}},
	author={Sorenson, Harold W},
	journal={IEEE spectrum},
	pages={63--68},
	year={1970},
}

@inproceedings{spanos2005dynamic,
	title={Dynamic consensus on mobile networks},
	author={Spanos, Demetri P and Olfati-Saber, Reza and Murray, Richard M},
	booktitle={IFAC World Congress},
	year={2005},
}

@inproceedings{olfati2005distributed,
	title={Distributed {K}alman filter with embedded consensus filters},
	author={Olfati-Saber, Reza},
	booktitle={IEEE Conference on Decision and Control},
	year={2005},
}

@inproceedings{olfati2007distributed,
	title={Distributed {K}alman filtering for sensor networks},
	author={Olfati-Saber, Reza},
	booktitle={IEEE Conference on Decision and Control},
	year={2007},
}

@article{sabatini2006quaternion,
	title={Quaternion-based extended {K}alman filter for determining orientation by inertial and magnetic sensing},
	author={Sabatini, Angelo M},
	journal={IEEE Transactions on Biomedical Engineering},
	year={2006},
}

@inproceedings{kraft2003quaternion,
	title={A quaternion-based unscented {K}alman filter for orientation tracking},
	author={Kraft, Edgar},
	booktitle={Proceedings of the Sixth International Conference of Information Fusion},
	year={2003}
}

@inproceedings{goddard1998pose,
	title={Pose and motion estimation using dual quaternion-based extended {K}alman filtering},
	author={Goddard, James Samuel and Abidi, Mongi A},
	booktitle={Photonics West'98 Electronic Imaging},
	year={1998},
}

@inproceedings{deutschmann1992quaternion,
	title={Quaternion normalization in spacecraft attitude determination},
	author={Deutschmann, Julie and Bar-Itzhack, Itzhack and Galal, Ken},
	booktitle={Guidance, Navigation and Control Conference},
	year={1992}
}

@article{shuster1993quaternion,
	title={The quaternion in {K}alman filtering},
	author={Shuster, Malcolm D},
	journal={Advances in the Astronautical Sciences},
	year={1993}
}

@article{li1989grasping,
	title={Grasping and coordinated manipulation by a multifingered robot hand},
	author={Li, Zexiang and Hsu, Ping and Sastry, Shankar},
	journal={The International Journal of Robotics Research},
	year={1989},
}

@article{lasserre2008nonlinear,
	title={Nonlinear optimal control via occupation measures and {LMI}-relaxations},
	author={Lasserre, Jean B and Henrion, Didier and Prieur, Christophe and Tr{\'e}lat, Emmanuel},
	journal={SIAM journal on control and optimization},
	volume={47},
	number={4},
	pages={1643--1666},
	year={2008},
	publisher={SIAM}
}

@book{lasserre2009moments,
	title={Moments, positive polynomials and their applications},
	author={Lasserre, Jean Bernard},
	volume={1},
	year={2009},
	publisher={World Scientific}
}

@inproceedings{GarrettWAFR14,
	AUTHOR = "Caelan Reed Garrett and Tomas Lozano-Perez and Leslie Pack Kaelbling",
	TITLE = "FFRob: An efficient heuristic for task and motion planning",
	BOOKTITLE = "International Workshop on the Algorithmic Foundations of Robotics (WAFR)",
	YEAR ="2014",
	keywords={Integrated Task and Motion Planning},
	url={http://lis.csail.mit.edu/pubs/garrett-wafr14.pdf},
	comment={<a href="http://web.mit.edu/caelan/www/research/ffrob/">movie</a>}
}

@inproceedings{lee2016linear,
	title={A Linear-Time Variational Integrator for Multibody Systems},
	author={Lee, Jeongseok and Liu, C Karen and Park, Frank C and Srinivasa, Siddhartha S},
	booktitle = "International Workshop on the Algorithmic Foundations of Robotics (WAFR)",
	year ="2016",
}

@book{featherstone2014rigid,
	title={Rigid body dynamics algorithms},
	author={Featherstone, Roy},
	year={2014},
	publisher={Springer}
}

@article{nomizu1954invariant,
	title={Invariant affine connections on homogeneous spaces},
	author={Nomizu, Katsumi},
	journal={American Journal of Mathematics},
	volume={76},
	number={1},
	pages={33--65},
	year={1954},
	publisher={JSTOR}
}

@book{petersen2006riemannian,
	title={Riemannian Geometry},
	author={Petersen, P.},
	isbn={9780387294032},
	lccn={97005786},
	volume={171},
	year={2006},
	publisher={Springer New York}
}

@book{lee2006riemannian,
	title={Riemannian manifolds: an introduction to curvature},
	author={Lee, John M},
	volume={176},
	year={2006},
	publisher={Springer New York}
}

@book{absil2009optimization,
	title={Optimization algorithms on matrix manifolds},
	author={Absil, P-A and Mahony, Robert and Sepulchre, Rodolphe},
	year={2009},
	publisher={Princeton University Press}
}

@book{lee2003introduction,
	title={Introduction to Smooth Manifolds},
	author={Lee, J.M.},
	series={Graduate Texts in Mathematics},
	year={2003},
	publisher={Springer}
}

@article{johnson2009scalable,
	title={Scalable variational integrators for constrained mechanical systems in generalized coordinates},
	author={Johnson, Elliot R and Murphey, Todd D},
	journal={IEEE Transactions on Robotics},
	volume={25},
	number={6},
	pages={1249--1261},
	year={2009},
	publisher={IEEE}
}

@inproceedings{todorov2012mujoco,
	title={MuJoCo: {A} physics engine for model-based control},
	author={Todorov, Emanuel and Erez, Tom and Tassa, Yuval},
	booktitle={Intelligent Robots and Systems (IROS), 2012 IEEE/RSJ International Conference on},
	year={2012},
	organization={IEEE}
}

@article{marsden2001discrete,
	title={Discrete mechanics and variational integrators},
	author={Marsden, Jerrold E and West, Matthew},
	journal={Acta Numerica},
	volume={10},
	pages={357--514},
	year={2001},
	publisher={Cambridge University Press}
}

@article{johnson2015structured,
	title={Structured linearization of discrete mechanical systems for analysis and optimal control},
	author={Johnson, Elliot and Schultz, Jarvis and Murphey, Todd},
	journal={IEEE Transactions on Automation Science and Engineering},
	year={2015},
	publisher={IEEE}
}

@inproceedings{schultz2014extending,
	title={Extending filter performance through structured integration},
	author={Schultz, Jarvis and Murphey, Todd D},
	booktitle={American Control Conference (ACC), 2014},
	year={2014},
	organization={IEEE}
}

@article{wee1997articulated,
	title={An articulated-body model for a free-flying robot and its use for adaptive motion control},
	author={Wee, Liang-Boon and Walker, Michael W and McClamroch, N Harris},
	journal={IEEE Transactions on Robotics and Automation},
	volume={13},
	number={2},
	pages={264--277},
	year={1997},
	publisher={IEEE}
}

@inproceedings{lee2005lie,
	title={A {L}ie group variational integrator for the attitude dynamics of a rigid body with applications to the 3{D} pendulum},
	author={Lee, Taeyoung and McClamroch, N Harris and Leok, Melvin},
	booktitle={IEEE Conference on Control Applications},
	year={2005},
}

@article{kobilarov2009lie,
	title={{L}ie group integrators for animation and control of vehicles},
	author={Kobilarov, Marin and Crane, Keenan and Desbrun, Mathieu},
	journal={ACM Transactions on Graphics (TOG)},
	volume={28},
	number={2},
	pages={16},
	year={2009},
	publisher={ACM}
}

@article{junge2005discrete,
	title={Discrete mechanics and optimal control},
	author={Junge, Oliver and Marsden, Jerrold E and Ober-Bl{\"o}baum, Sina},
	journal={IFAC Proceedings Volumes},
	volume={38},
	number={1},
	pages={538--543},
	year={2005},
	publisher={Elsevier}
}

@inproceedings{julier1997new,
	title={A new extension of the {Kalman} filter to nonlinear systems},
	author={Julier, Simon J and Uhlmann, Jeffrey K},
	booktitle={Int. symp. aerospace/defense sensing, simul. and controls},
	volume={3},
	number={26},
	pages={182--193},
	year={1997},
	organization={Orlando, FL}
}

@book{anderson2007optimal,
	title={Optimal control: linear quadratic methods},
	author={Anderson, Brian DO and Moore, John B},
	year={2007},
	publisher={Courier Corporation}
}

@article{cortes2001non,
	title={Non-holonomic integrators},
	author={Cort{\'e}s, Jorge and Mart{\'\i}nez, Sonia},
	journal={Nonlinearity},
	volume={14},
	number={5},
	pages={1365},
	year={2001},
	publisher={IOP Publishing}
}

@article{kelly2017introduction,
	title={An Introduction to Trajectory Optimization: How to Do Your Own Direct Collocation},
	author={Kelly, Matthew},
	journal={SIAM Review},
	volume={59},
	number={4},
	pages={849--904},
	year={2017},
	publisher={SIAM}
}

@article{sorensen1982newton,
	title={Newton’s method with a model trust region modification},
	author={Sorensen, Danny C},
	journal={SIAM Journal on Numerical Analysis},
	volume={19},
	number={2},
	pages={409--426},
	year={1982},
	publisher={SIAM}
}

@article{butcher2007runge,
	title={Runge-Kutta methods},
	author={Butcher, John},
	journal={Scholarpedia},
	volume={2},
	number={9},
	pages={3147},
	year={2007}
}

@inproceedings{kobilarov2007optimal,
	title={Optimal control using nonholonomic integrators},
	author={Kobilarov, Marin and Sukhatme, Gaurav},
	booktitle={IEEE International Conference on Robotics and Automation},
	year={2007}
}

@article{jain1993linearization,
	title={Linearization of manipulator dynamics using spatial operators},
	author={Jain, Abhinandan and Rodriguez, Guillermo},
	journal={IEEE transactions on systems, man, and cybernetics},
	volume={23},
	number={1},
	pages={239--248},
	year={1993},
	publisher={IEEE}
}

@article{bloch2009geometric,
	title={Geometric structure-preserving optimal control of a rigid body},
	author={Bloch, Anthony M and Hussein, Islam I and Leok, Melvin and Sanyal, Amit K},
	journal={Journal of Dynamical and Control Systems},
	volume={15},
	number={3},
	pages={307--330},
	year={2009},
	publisher={Springer}
}
@article{leok2012general,
	title={General techniques for constructing variational integrators},
	author={Leok, Melvin and Shingel, Tatiana},
	journal={Frontiers of Mathematics in China},
	volume={7},
	number={2},
	pages={273--303},
	year={2012},
	publisher={Springer}
}

@book{abramowitz1964handbook,
	title={Handbook of mathematical functions: with formulas, graphs, and mathematical tables},
	author={Abramowitz, Milton and Stegun, Irene A},
	volume={55},
	year={1964},
	publisher={Courier Corporation}
}

@article{ober2015construction,
	title={Construction and analysis of higher order {Galerkin} variational integrators},
	author={Ober-Bl{\"o}baum, Sina and Saake, Nils},
	journal={Advances in Computational Mathematics},
	volume={41},
	number={6},
	pages={955--986},
	year={2015},
	publisher={Springer}
}

@article{ober2017galerkin,
	title={{Galerkin} variational integrators and modified symplectic {Runge--Kutta} methods},
	author={Ober-Bl{\"o}baum, Sina},
	journal={IMA Journal of Numerical Analysis},
	volume={37},
	number={1},
	pages={375--406},
	year={2017},
	publisher={Oxford University Press}
}

@phdthesis{pekarek2010variational,
	title={Variational methods for control and design of bipedal robot models},
	author={Pekarek, David N},
	year={2010},
	school={California Institute of Technology}
}

@phdthesis{lacoursiere2007ghosts,
	title={Ghosts and machines: regularized variational methods for interactive simulations of multibodies with dry frictional contacts},
	author={Lacoursiere, Claude},
	year={2007},
	school={Datavetenskap}
}

@inproceedings{manchestercontact,
	title={Variational contact-implicit trajectory optimization},
	author={Manchester, Zachary and Kuindersma, Scott},
	booktitle={International Symposium on Robotics Research (ISRR)},
	year={2017}
}

@inproceedings{posa2016optimization,
	title={Optimization and stabilization of trajectories for constrained dynamical systems},
	author={Posa, Michael and Kuindersma, Scott and Tedrake, Russ},
	booktitle={IEEE International Conference on Robotics and Automation (ICRA)},
	year={2016}
}

@article{hereid2018dynamic,
	title={Dynamic Humanoid Locomotion: A Scalable Formulation for HZD Gait Optimization},
	author={Hereid, Ayonga and Hubicki, Christian M and Cousineau, Eric A and Ames, Aaron D},
	journal={IEEE Transactions on Robotics},
	year={2018},
	publisher={IEEE}
}


@misc{fan2018wafr_app,
	author = {Fan, Taosha and Schultz, Jarvis and Murphey, Todd D},
	title={Efficient Computation of Variational Integrators in Robotic Simulation and Trajectory Optimization: Appendix},
	howpublished = "\href{https://northwestern.box.com/s/6mgjn3aka1owgem1wt086ashse734385}{https://northwestern.box.com/s/6mgjn3aka1owgem1wt086ashse734385}",
}

@inproceedings{fan2018wafr,
	title={Efficient Computation of Variational Integrators in Robotic Simulation and Trajectory Optimization},
	author={Fan, Taosha and Schultz, Jarvis and Murphey, Todd D},
	booktitle = "International Workshop on the Algorithmic Foundations of Robotics (WAFR)",
	year ="submitted, 2018",
}

@inproceedings{yamane2002efficient,
	title={Efficient parallel dynamics computation of human figures},
	author={Yamane, Katsu and Nakamura, Yoshihiko},
	booktitle={IEEE International Conference on Robotics and Automation (ICRA)},
	year={2002},
	organization={IEEE}
}

@article{featherstone1999divide,
	title={A divide-and-conquer articulated-body algorithm for parallel O (log (n)) calculation of rigid-body dynamics. Part 1: Basic algorithm},
	author={Featherstone, Roy},
	journal={The International Journal of Robotics Research},
	volume={18},
	number={9},
	pages={867--875},
	year={1999},
	publisher={SAGE Publications}
}

@inproceedings{carpentier2018analytical,
	title={Analytical Derivatives of Rigid Body Dynamics Algorithms},
	author={Carpentier, Justin},
	booktitle = {Robotics: Science and Systems (RSS)},
	year={2018}
}

@inproceedings{pratt1998intuitive,
	title={Intuitive control of a planar bipedal walking robot},
	author={Pratt, Jerry and Pratt, Gill},
	booktitle={IEEE International Conference on Robotics and Automation (ICRA)},
	year={1998}
}

@article{shkolnik2011bounding,
	title={Bounding on rough terrain with the {LittleDog} robot},
	author={Shkolnik, Alexander and Levashov, Michael and Manchester, Ian R and Tedrake, Russ},
	journal={The International Journal of Robotics Research},
	volume={30},
	number={2},
	pages={192--215},
	year={2011},
	publisher={SAGE Publications Sage UK: London, England}
}

@article{nelson2012petman,
	title={Petman: A humanoid robot for testing chemical protective clothing},
	author={Nelson, Gabe and Saunders, Aaron and Neville, Neil and Swilling, Ben and Bondaryk, Joe and Billings, Devin and Lee, Chris and Playter, Robert and Raibert, Marc},
	journal={Journal of the Robotics Society of Japan},
	volume={30},
	number={4},
	pages={372--377},
	year={2012},
	publisher={The Robotics Society of Japan}
}

@article{fijany1995parallel,
	title={Parallel {O} (log n) algorithms for computation of manipulator forward dynamics},
	author={Fijany, Amir and Sharf, Inna and D'Eleuterio, Gabriele MT},
	journal={IEEE Transactions on Robotics and Automation},
	volume={11},
	number={3},
	pages={389--400},
	year={1995},
	publisher={IEEE}
}

@article{khatri1977mises,
	title={The von {Mises-Fisher} matrix distribution in orientation statistics},
	author={Khatri, CG and Mardia, KV},
	journal={Journal of the Royal Statistical Society. Series B (Methodological)},
	pages={95--106},
	year={1977},
	publisher={JSTOR}
}

@article{jupp1979maximum,
	title={Maximum likelihood estimators for the matrix von Mises-Fisher and Bingham distributions},
	author={Jupp, Peter E and Mardia, Kanti V and others},
	journal={The Annals of Statistics},
	volume={7},
	number={3},
	pages={599--606},
	year={1979},
	publisher={Institute of Mathematical Statistics}
}

@book{selig2004geometric,
	title={Geometric fundamentals of robotics},
	author={Selig, Jon M},
	year={2004},
	publisher={Springer Science \& Business Media}
}

@inproceedings{carlone2015initialization,
	title={Initialization techniques for {3D SLAM}: a survey on rotation estimation and its use in pose graph optimization},
	author={Carlone, Luca and Tron, Roberto and Daniilidis, Kostas and Dellaert, Frank},
	booktitle={IEEE International Conference on Robotics and Automation (ICRA)},
	year={2015},
}

@article{carlone2014angular,
	title={From angular manifolds to the integer lattice: Guaranteed orientation estimation with application to pose graph optimization},
	author={Carlone, Luca and Censi, Andrea},
	journal={IEEE Transactions on Robotics},
	volume={30},
	number={2},
	pages={475--492},
	year={2014},
	publisher={IEEE}
}

@article{carlone2014fast,
	title={A fast and accurate approximation for planar pose graph optimization},
	author={Carlone, Luca and Aragues, Rosario and Castellanos, Jos{\'e} A and Bona, Basilio},
	journal={The International Journal of Robotics Research},
	volume={33},
	number={7},
	pages={965--987},
	year={2014},
	publisher={SAGE Publications Sage UK: London, England}
}

@article{hartley2013rotation,
	title={Rotation averaging},
	author={Hartley, Richard and Trumpf, Jochen and Dai, Yuchao and Li, Hongdong},
	journal={International journal of computer vision},
	volume={103},
	number={3},
	pages={267--305},
	year={2013},
	publisher={Springer}
}

@inproceedings{fredriksson2012simultaneous,
	title={Simultaneous multiple rotation averaging using lagrangian duality},
	author={Fredriksson, Johan and Olsson, Carl},
	booktitle={Asian Conference on Computer Vision},
	pages={245--258},
	year={2012},
	organization={Springer}
}

@article{bandeira2017tightness,
	title={Tightness of the maximum likelihood semidefinite relaxation for angular synchronization},
	author={Bandeira, Afonso S and Boumal, Nicolas and Singer, Amit},
	journal={Mathematical Programming},
	volume={163},
	number={1-2},
	pages={145--167},
	year={2017},
	publisher={Springer}
}

@article{boumal2016nonconvex,
	title={Nonconvex phase synchronization},
	author={Boumal, Nicolas},
	journal={SIAM Journal on Optimization},
	volume={26},
	number={4},
	pages={2355--2377},
	year={2016},
	publisher={SIAM}
}

@book{chirikjian2011stochastic,
	title={Stochastic Models, Information Theory, and Lie Groups, Volume 2: Analytic Methods and Modern Applications},
	author={Chirikjian, Gregory S},
	volume={2},
	year={2011},
	publisher={Springer Science \& Business Media}
}

@article{gallier2010schur,
	title={The Schur complement and symmetric positive semidefinite (and definite) matrices},
	author={Gallier, Jean},
	year={2010}
}

@article{Carlone16tro-duality2D,
	Author = {L. Carlone and G. Calafiore and C. Tommolillo and F. Dellaert},
	Journal = tro,
	Title = {Planar Pose Graph Optimization: Duality, Optimal Solutions, and Verification},
	Volume = 32,
	Number = 3,
	Pages = {545--565},
	Year = 2016}

@article{carlone2016planar,
	title={Planar pose graph optimization: Duality, optimal solutions, and verification},
	author={Carlone, Luca and Calafiore, Giuseppe C and Tommolillo, Carlo and Dellaert, Frank},
	journal={IEEE Transactions on Robotics},
	volume={32},
	number={3},
	pages={545--565},
	year={2016},
	publisher={IEEE}
}


@inproceedings{Carlone15icra-verification,
	Author = {L. Carlone and F. Dellaert},
	booktitle={IEEE International Conference on Robotics and Automation (ICRA)},
	Title = {Duality-based Verification Techniques for {2D SLAM}},
	Year = 2015}

@inproceedings{boumal2016non,
	title={The non-convex {Burer-Monteiro} approach works on smooth semidefinite programs},
	author={Boumal, Nicolas and Voroninski, Vlad and Bandeira, Afonso},
	booktitle={Advances in Neural Information Processing Systems},
	year={2016}
}

@article{bandeira2017tightness,
	title={Tightness of the maximum likelihood semidefinite relaxation for angular synchronization},
	author={Bandeira, Afonso S and Boumal, Nicolas and Singer, Amit},
	journal={Mathematical Programming},
	volume={163},
	number={1-2},
	pages={145--167},
	year={2017},
	publisher={Springer}
}

@article{manopt,
	author  = {Boumal, N. and Mishra, B. and Absil, P.-A. and Sepulchre, R.},
	title   = {{M}anopt, a {M}atlab Toolbox for Optimization on Manifolds},
	journal = {Journal of Machine Learning Research},
	year    = {2014},
	volume  = {15},
	pages   = {1455--1459},
	url     = {http://www.manopt.org}
}

@article{absil2007trust,
	title={Trust-region methods on Riemannian manifolds},
	author={Absil, P-A and Baker, Christopher G and Gallivan, Kyle A},
	journal={Foundations of Computational Mathematics},
	volume={7},
	number={3},
	pages={303--330},
	year={2007},
	publisher={Springer}
}

@article{boumal2015riemannian,
	title={A {R}iemannian low-rank method for optimization over semidefinite matrices with block-diagonal constraints},
	author={Boumal, Nicolas},
	journal={arXiv preprint arXiv:1506.00575},
	year={2015}
}

@article{zhong2018near,
	title={Near-optimal bounds for phase synchronization},
	author={Zhong, Yiqiao and Boumal, Nicolas},
	journal={SIAM Journal on Optimization},
	volume={28},
	number={2},
	pages={989--1016},
	year={2018},
	publisher={SIAM}
}

@article{briales2017cartan,
	title={Cartan-sync: Fast and global SE (d)-synchronization},
	author={Briales, Jesus and Gonzalez-Jimenez, Javier},
	journal={IEEE Robotics and Automation Letters},
	volume={2},
	number={4},
	pages={2127--2134},
	year={2017},
	publisher={IEEE}
}

@article{Cadena16tro-SLAMsurvey,
	author={C. Cadena and L. Carlone and H. Carrillo and Y. Latif and D. Scaramuzza and J. Neira and I. Reid and J. J. Leonard},
	journal={IEEE Transactions on Robotics},
	title={Past, Present, and Future of Simultaneous Localization and Mapping: Toward the Robust-Perception Age},
	year={2016}}

@article{grisetti2010tutorial,
	title={A tutorial on graph-based {SLAM}},
	author={Grisetti, Giorgio and Kummerle, Rainer and Stachniss, Cyrill and Burgard, Wolfram},
	journal={IEEE Intelligent Transportation Systems Magazine},
	year={2010}
}

@book{thrun2005probabilistic,
	title={Probabilistic Robotics},
	author={Thrun, Sebastian and Burgard, Wolfram and Fox, Dieter},
	year={2005},
	publisher={MIT press}
}

@inproceedings{kummerle2011g,
	title={$\mathrm{g}^2\mathrm{o}$: {A} general framework for graph optimization},
	author={K{\"u}mmerle, Rainer and Grisetti, Giorgio and Strasdat, Hauke and Konolige, Kurt and Burgard, Wolfram},
	booktitle={2011 IEEE International Conference on Robotics and Automation},
}

@article{kaess2012isam2,
	title={{iSAM2}: {Incremental} smoothing and mapping using the Bayes tree},
	author={Kaess, Michael and Johannsson, Hordur and Roberts, Richard and Ila, Viorela and Leonard, John J and Dellaert, Frank},
	journal={The International Journal of Robotics Research},
}

@article{rosen2014rise,
	title={RISE: An incremental trust-region method for robust online sparse least-squares estimation},
	author={Rosen, David M and Kaess, Michael and Leonard, John J},
	journal={IEEE Transactions on Robotics},
	volume={30},
	number={5},
	pages={1091--1108},
	year={2014},
	publisher={IEEE}
}

@inproceedings{carlone2015lagrangian,
	title={Lagrangian duality in {3D SLAM}: Verification techniques and optimal solutions},
	author={Carlone, Luca and Rosen, David M and Calafiore, Giuseppe and Leonard, John J and Dellaert, Frank},
	booktitle={IEEE/RSJ International Conference on Intelligent Robots and Systems (IROS)},
	year={2015}
}

@techreport{dellaert2012factor,
	title={Factor graphs and {GTSAM}: A hands-on introduction},
	author={Dellaert, Frank},
	year={2012},
	institution={Georgia Institute of Technology}
}

@article{alizadeh1997complementarity,
	title={Complementarity and nondegeneracy in semidefinite programming},
	author={Alizadeh, Farid and Haeberly, Jean-Pierre A and Overton, Michael L},
	journal={Mathematical programming},
	year={1997},
	publisher={Springer}
}

@inproceedings{fan2019cpl,
	title={Efficient and guaranteed planar pose graph optimization using the complex number representation},
	author={Fan, Taosha and Wang, Hanlin and Rubenstein, Michael and Murphey, Todd},
	booktitle={2019 IEEE/RSJ International Conference on Intelligent Robots and Systems (IROS)},
	pages={1904--1911},
	year={2019}
}


@inproceedings{fan2020mm,
	title={Majorization Minimization Methods for Distributed Pose Graph Optimization with Convergence Guarantees},
	author={Fan, Taosha, and Murphey, Todd},
	booktitle={IEEE/RSJ International Conference on Intelligent Robots and Systems},
	year={2020},
}

@inproceedings{fan2019proximal,
	title={Generalized proximal methods for pose graph optimization},
	author={Fan, Taosha and Murphey, Todd},
	booktitle={International Symposium on Robotics Research (ISRR)},
	year={2019},
}


@inproceedings{latif2014robust,
	title={Robust graph SLAM back-ends: A comparative analysis},
	author={Latif, Yasir and Cadena, C{\'e}sar and Neira, Jos{\'e}},
	booktitle=IEEE/RSJ International Conference on Intelligent Robots and Systems},
	year={2014},
}

@inproceedings{absil2006joint,
	title={Joint diagonalization on the oblique manifold for independent component analysis},
	author={Absil, P-A and Gallivan, Kyle A},
	booktitle={IEEE International Conference on Acoustics Speech and Signal Processing Proceedings},
	year={2006}
}

@book{meyer2000matrix,
	title={Matrix analysis and applied linear algebra},
	author={Meyer, Carl D},
	volume={71},
	year={2000},
	publisher={{SIAM}}
}

@article{forster2017manifold,
	title={On-Manifold Preintegration for Real-Time Visual--Inertial Odometry},
	author={Forster, Christian and Carlone, Luca and Dellaert, Frank and Scaramuzza, Davide},
	journal={IEEE Transactions on Robotics},
	volume={33},
	number={1},
	pages={1--21},
	year={2017},
	publisher={IEEE}
}

@article{leutenegger2015keyframe,
	title={Keyframe-based visual--inertial odometry using nonlinear optimization},
	author={Leutenegger, Stefan and Lynen, Simon and Bosse, Michael and Siegwart, Roland and Furgale, Paul},
	journal={The International Journal of Robotics Research},
	volume={34},
	number={3},
	pages={314--334},
	year={2015},
	publisher={SAGE Publications Sage UK: London, England}
}

@article{kaess2008isam,
	title={iSAM: Incremental smoothing and mapping},
	author={Kaess, Michael and Ranganathan, Ananth and Dellaert, Frank},
	journal={IEEE Transactions on Robotics},
	volume={24},
	number={6},
	pages={1365--1378},
	year={2008},
	publisher={IEEE}
}

@article{kaess2012isam2,
	title={iSAM2: Incremental smoothing and mapping using the Bayes tree},
	author={Kaess, Michael and Johannsson, Hordur and Roberts, Richard and Ila, Viorela and Leonard, John J and Dellaert, Frank},
	journal={The International Journal of Robotics Research},
	volume={31},
	number={2},
	pages={216--235},
	year={2012},
	publisher={Sage Publications Sage UK: London, England}
}

@article{leutenegger2013keyframe,
	title={Keyframe-based visual-inertial slam using nonlinear optimization},
	author={Leutenegger, Stefan and Furgale, Paul and Rabaud, Vincent and Chli, Margarita and Konolige, Kurt and Siegwart, Roland},
	journal={Proceedings of Robotis Science and Systems (RSS) 2013},
	year={2013},
	publisher={Robotics: Science and Systems}
}

@article{bloesch2017iterated,
	title={Iterated extended Kalman filter based visual-inertial odometry using direct photometric feedback},
	author={Bloesch, Michael and Burri, Michael and Omari, Sammy and Hutter, Marco and Siegwart, Roland},
	journal={The International Journal of Robotics Research},
	volume={36},
	number={10},
	pages={1053--1072},
	year={2017},
	publisher={SAGE Publications Sage UK: London, England}
}

@article{hunter2004tutorial,
	title={A tutorial on {MM} algorithms},
	author={Hunter, David R and Lange, Kenneth},
	journal={The American Statistician},
	volume={58},
	number={1},
	pages={30--37},
	year={2004},
	publisher={Taylor \& Francis}
}

@book{nesterov2013introductory,
	title={Introductory lectures on convex optimization: {A} basic course},
	author={Nesterov, Yurii},
	volume={87},
	year={2013},
	publisher={Springer Science \& Business Media}
}

@inproceedings{nesterov1983method,
	title={A method for unconstrained convex minimization problem with the rate of convergence {O} (1/k\^{} 2)},
	author={Nesterov, Yurii},
	booktitle={Doklady AN USSR},
	volume={269},
	pages={543--547},
	year={1983}
}

@article{ghadimi2016accelerated,
	title={Accelerated gradient methods for nonconvex nonlinear and stochastic programming},
	author={Ghadimi, Saeed and Lan, Guanghui},
	journal={Mathematical Programming},
	volume={156},
	number={1-2},
	pages={59--99},
	year={2016},
	publisher={Springer}
}

@inproceedings{li2015accelerated,
	title={Accelerated proximal gradient methods for nonconvex programming},
	author={Li, Huan and Lin, Zhouchen},
	booktitle={Advances in Neural Information Processing Systems},
	pages={379--387},
	year={2015}
}

@inproceedings{jin2018accelerated,
	title={Accelerated Gradient Descent Escapes Saddle Points Faster than Gradient Descent},
	author={Jin, Chi and Netrapalli, Praneeth and Jordan, Michael I},
	booktitle={Conference On Learning Theory},
	year={2018}
}

@article{o2015adaptive,
	title={Adaptive restart for accelerated gradient schemes},
	author={O’donoghue, Brendan and Candes, Emmanuel},
	journal={Foundations of Computational Mathematics},
	volume={15},
	number={3},
	pages={715--732},
	year={2015},
	publisher={Springer}
}

@inproceedings{tron2009distributed,
	title={Distributed image-based {3-D} localization of camera sensor networks},
	author={Tron, Roberto and Vidal, Ren{\'e}},
	booktitle={IEEE Conference on Decision and Control (CDC)},
	year={2009},
}


@inproceedings{su2014differential,
	title={A differential equation for modeling Nesterov’s accelerated gradient method: Theory and insights},
	author={Su, Weijie and Boyd, Stephen and Candes, Emmanuel},
	booktitle={Advances in Neural Information Processing Systems},
	pages={2510--2518},
	year={2014}
}

@article{beck2009fast,
	title={Fast gradient-based algorithms for constrained total variation image denoising and deblurring problems},
	author={Beck, Amir and Teboulle, Marc},
	journal={IEEE transactions on image processing},
	volume={18},
	number={11},
	pages={2419--2434},
	year={2009}
}

@article{choudhary2017distributed,
	title={Distributed mapping with privacy and communication constraints: Lightweight algorithms and object-based models},
	author={Choudhary, Siddharth and Carlone, Luca and Nieto and others},
	journal={The International Journal of Robotics Research},
	volume={36},
	number={12},
	pages={1286--1311},
	year={2017},
	publisher={SAGE Publications Sage UK: London, England}
}

@inproceedings{choudhary2015exactly,
	title={Exactly sparse memory efficient SLAM using the multi-block alternating direction method of multipliers},
	author={Choudhary, Siddharth and Carlone, Luca and Christensen, Henrik I and Dellaert, Frank},
	booktitle={IEEE/RSJ International Conference on Intelligent Robots and Systems (IROS)},
	year={2015}
}

@article{umeyama1991least,
	title={Least-squares estimation of transformation parameters between two point patterns},
	author={Umeyama, Shinji},
	journal={IEEE Transactions on Pattern Analysis \& Machine Intelligence},
	number={4},
	pages={376--380},
	year={1991},
	publisher={IEEE}
}

@article{jupp1979maximum,
	title={Maximum likelihood estimators for the matrix von Mises-Fisher and Bingham distributions},
	author={Jupp, Peter E and Mardia, Kanti V and others},
	journal={The Annals of Statistics},
	volume={7},
	number={3},
	pages={599--606},
	year={1979},
	publisher={Institute of Mathematical Statistics}
}

@book{selig2004geometric,
	title={Geometric fundamentals of robotics},
	author={Selig, Jon M},
	year={2004},
	publisher={Springer Science \& Business Media}
}

@inproceedings{carlone2015initialization,
	title={Initialization techniques for {3D SLAM}: a survey on rotation estimation and its use in pose graph optimization},
	author={Carlone, Luca and Tron, Roberto and Daniilidis, Kostas and Dellaert, Frank},
	booktitle={IEEE International Conference on Robotics and Automation (ICRA)},
	year={2015},
}

@article{carlone2014angular,
	title={From angular manifolds to the integer lattice: Guaranteed orientation estimation with application to pose graph optimization},
	author={Carlone, Luca and Censi, Andrea},
	journal={IEEE Transactions on Robotics},
	volume={30},
	number={2},
	pages={475--492},
	year={2014},
	publisher={IEEE}
}

@article{carlone2014fast,
	title={A fast and accurate approximation for planar pose graph optimization},
	author={Carlone, Luca and Aragues, Rosario and Castellanos, Jos{\'e} A and Bona, Basilio},
	journal={The International Journal of Robotics Research},
	volume={33},
	number={7},
	pages={965--987},
	year={2014},
	publisher={SAGE Publications Sage UK: London, England}
}

@article{cadena2016past,
	title={Past, present, and future of simultaneous localization and mapping: Toward the robust-perception age},
	author={Cadena, Cesar and Carlone, Luca and Carrillo, Henry and Latif, Yasir and Scaramuzza, Davide and Neira, Jos{\'e} and Reid, Ian and Leonard, John J},
	journal={IEEE Transactions on robotics},
	volume={32},
	number={6},
	pages={1309--1332},
	year={2016},
	publisher={IEEE}
}

@article{grisetti2010tutorial,
	title={A tutorial on graph-based {SLAM}},
	author={Grisetti, Giorgio and Kummerle, Rainer and Stachniss, Cyrill and Burgard, Wolfram},
	journal={IEEE Intelligent Transportation Systems Magazine},
	year={2010},
	publisher={IEEE}
}

@article{singer2011three,
	title={Three-dimensional structure determination from common lines in cryo-EM by eigenvectors and semidefinite programming},
	author={Singer, Amit and Shkolnisky, Yoel},
	journal={SIAM Journal on Imaging Sciences},
	volume={4},
	number={2},
	pages={543--572},
	year={2011},
	publisher={SIAM}
}

@article{singer2011angular,
	title={Angular synchronization by eigenvectors and semidefinite programming},
	author={Singer, Amit},
	journal={Applied and Computational Harmonic Analysis},
	volume={30},
	number={1},
	pages={20--36},
	year={2011},
	publisher={Elsevier}
}

@article{hartley2013rotation,
	title={Rotation averaging},
	author={Hartley, Richard and Trumpf, Jochen and Dai, Yuchao and Li, Hongdong},
	journal={International Journal of Computer Vision},
	volume={103},
	number={3},
	pages={267--305},
	year={2013},
	publisher={Springer}
}

@inproceedings{fredriksson2012simultaneous,
	title={Simultaneous multiple rotation averaging using lagrangian duality},
	author={Fredriksson, Johan and Olsson, Carl},
	booktitle={Asian Conference on Computer Vision},
	pages={245--258},
	year={2012},
	organization={Springer}
}

@article{bandeira2017tightness,
	title={Tightness of the maximum likelihood semidefinite relaxation for angular synchronization},
	author={Bandeira, Afonso S and Boumal, Nicolas and Singer, Amit},
	journal={Mathematical Programming},
	volume={163},
	number={1-2},
	pages={145--167},
	year={2017},
	publisher={Springer}
}

@article{boumal2016nonconvex,
	title={Nonconvex phase synchronization},
	author={Boumal, Nicolas},
	journal={SIAM Journal on Optimization},
	volume={26},
	number={4},
	pages={2355--2377},
	year={2016},
	publisher={SIAM}
}

@book{chirikjian2011stochastic,
	title={Stochastic Models, Information Theory, and Lie Groups, Volume 2: Analytic Methods and Modern Applications},
	author={Chirikjian, Gregory S},
	volume={2},
	year={2011},
	publisher={Springer Science \& Business Media}
}

@article{rosen2016se,
	title={{SE-Sync}: {A} certifiably correct algorithm for synchronization over the special Euclidean group},
	author={Rosen, David M and Carlone, Luca and Bandeira, Afonso S and Leonard, John J},
	journal={The International Journal of Robotics Research},
	volume={38},
	number={2-3},
	pages={95--125},
	year={2019},
	publisher={Sage Publications Sage UK: London, England}
}

@article{gallier2010schur,
	title={The Schur complement and symmetric positive semidefinite (and definite) matrices},
	author={Gallier, Jean},
	year={2010}
}

@article{Carlone16tro-duality2D,
	Author = {L. Carlone and G. Calafiore and C. Tommolillo and F. Dellaert},
	Journal = tro,
	Title = {Planar Pose Graph Optimization: Duality, Optimal Solutions, and Verification},
	Volume = 32,
	Number = 3,
	Pages = {545--565},
	Year = 2016}

@article{carlone2016planar,
	title={Planar pose graph optimization: Duality, optimal solutions, and verification},
	author={Carlone, Luca and Calafiore, Giuseppe C and Tommolillo, Carlo and Dellaert, Frank},
	journal={IEEE Transactions on Robotics},
	year={2016}
}


@inproceedings{Carlone15icra-verification,
	Author = {L. Carlone and F. Dellaert},
	booktitle={IEEE International Conference on Robotics and Automation (ICRA)},
	Title = {Duality-based Verification Techniques for {2D SLAM}},
	Year = 2015}

@inproceedings{boumal2016non,
	title={The non-convex {Burer-Monteiro} approach works on smooth semidefinite programs},
	author={Boumal, Nicolas and Voroninski, Vlad and Bandeira, Afonso},
	booktitle={Advances in Neural Information Processing Systems},
	year={2016}
}

@article{bandeira2017tightness,
	title={Tightness of the maximum likelihood semidefinite relaxation for angular synchronization},
	author={Bandeira, Afonso S and Boumal, Nicolas and Singer, Amit},
	journal={Mathematical Programming},
	volume={163},
	number={1-2},
	pages={145--167},
	year={2017},
	publisher={Springer}
}

@article{manopt,
	author  = {Boumal, N. and Mishra, B. and Absil, P.-A. and Sepulchre, R.},
	title   = {{M}anopt, a {M}atlab Toolbox for Optimization on Manifolds},
	journal = {Journal of Machine Learning Research},
	year    = {2014},
	volume  = {15},
	pages   = {1455--1459},
	url     = {http://www.manopt.org}
}

@article{absil2007trust,
	title={Trust-region methods on Riemannian manifolds},
	author={Absil, P-A and Baker, Christopher G and Gallivan, Kyle A},
	journal={Foundations of Computational Mathematics},
	volume={7},
	number={3},
	pages={303--330},
	year={2007},
	publisher={Springer}
}

@article{boumal2015riemannian,
	title={A {R}iemannian low-rank method for optimization over semidefinite matrices with block-diagonal constraints},
	author={Boumal, Nicolas},
	journal={arXiv preprint arXiv:1506.00575},
	year={2015}
}

@article{zhong2018near,
	title={Near-optimal bounds for phase synchronization},
	author={Zhong, Yiqiao and Boumal, Nicolas},
	journal={SIAM Journal on Optimization},
	volume={28},
	number={2},
	pages={989--1016},
	year={2018},
	publisher={SIAM}
}

@article{briales2017cartan,
	title={Cartan-sync: Fast and global {SE}(d)-synchronization},
	author={Briales, Jesus and Gonzalez-Jimenez, Javier},
	journal={IEEE Robotics and Automation Letters},
	year={2017},
	publisher={IEEE}
}

@article{Cadena16tro-SLAMsurvey,
	author={C. Cadena and L. Carlone and H. Carrillo and Y. Latif and D. Scaramuzza and J. Neira and I. Reid and J. J. Leonard},
	journal={IEEE Transactions on Robotics},
	title={Past, Present, and Future of Simultaneous Localization and Mapping: Toward the Robust-Perception Age},
	year={2016}}

@article{grisetti2010tutorial,
	title={A tutorial on graph-based {SLAM}},
	author={Grisetti, Giorgio and Kummerle, Rainer and Stachniss, Cyrill and Burgard, Wolfram},
	journal={IEEE Intelligent Transportation Systems Magazine},
	year={2010}
}

@book{thrun2005probabilistic,
	title={Probabilistic Robotics},
	author={Thrun, Sebastian and Burgard, Wolfram and Fox, Dieter},
	year={2005},
	publisher={MIT press}
}

@article{tron2014distributed,
	title={Distributed 3-D localization of camera sensor networks from 2-D image measurements},
	author={Tron, Roberto and Vidal, Rene},
	journal={IEEE Transactions on Automatic Control},
	volume={59},
	number={12},
	pages={3325--3340},
	year={2014},
	publisher={IEEE}
}

@inproceedings{kummerle2011g,
	title={$\mathrm{g}^2\mathrm{o}$: {A} general framework for graph optimization},
	author={K{\"u}mmerle, Rainer and Grisetti, Giorgio and Strasdat, Hauke and Konolige, Kurt and Burgard, Wolfram},
	booktitle={2011 IEEE International Conference on Robotics and Automation},
}

@article{kaess2012isam2,
	title={{iSAM2}: {Incremental} smoothing and mapping using the Bayes tree},
	author={Kaess, Michael and Johannsson, Hordur and Roberts, Richard and Ila, Viorela and Leonard, John J and Dellaert, Frank},
	journal={The International Journal of Robotics Research},
	year={2012}
}

@article{rosen2014rise,
	title={{RISE}: An incremental trust-region method for robust online sparse least-squares estimation},
	author={Rosen, David and Kaess, Michael and Leonard, John},
	journal={IEEE Transactions on Robotics},
	year={2014}
}

@inproceedings{carlone2015lagrangian,
	title={Lagrangian duality in {3D SLAM}: Verification techniques and optimal solutions},
	author={Carlone, Luca and Rosen, David M and Calafiore, Giuseppe and Leonard, John J and Dellaert, Frank},
	booktitle={IEEE/RSJ International Conference on Intelligent Robots and Systems (IROS)},
	year={2015}
}

@techreport{dellaert2012factor,
	title={Factor graphs and {GTSAM}: A hands-on introduction},
	author={Dellaert, Frank},
	year={2012},
	institution={Georgia Institute of Technology}
}

@article{alizadeh1997complementarity,
	title={Complementarity and nondegeneracy in semidefinite programming},
	author={Alizadeh, Farid and Haeberly, Jean-Pierre A and Overton, Michael L},
	journal={Mathematical programming},
	year={1997},
	publisher={Springer}
}


@article{fan2019cpl_full,
	author  = {Fan, Taosha, and Wang, Hanlin and Rubenstein, Michael and Murphey, Todd},
	title   = {{CPL-Sync}: Efficient and Guaranteed Planar Pose Graph Optimization Using the Complex Number Representation},
	year    = {2019},
	url     = {https://northwestern.box.com/s/eb7w389ajypdx7p60bdjugcx8alg4i7h}
}


@article{fan2021mm_full,
	author  = {Fan, Taosha and Murphey, Todd},
	title   = {Majorization Minimization Methods for Distributed Pose Graph Optimization},
	year    = {2021},
	url     = {https://arxiv.org/abs/2108.00083}
}

@inproceedings{latif2014robust,
	title={Robust graph SLAM back-ends: A comparative analysis},
	author={Latif, Yasir and Cadena, C{\'e}sar and Neira, Jos{\'e}},
	booktitle=IEEE/RSJ International Conference on Intelligent Robots and Systems},
year={2014},
}

@inproceedings{absil2006joint,
	title={Joint diagonalization on the oblique manifold for independent component analysis},
	author={Absil, P-A and Gallivan, Kyle A},
	booktitle={IEEE International Conference on Acoustics Speech and Signal Processing Proceedings},
	year={2006}
}

@book{meyer2000matrix,
	title={Matrix analysis and applied linear algebra},
	author={Meyer, Carl D},
	volume={71},
	year={2000},
	publisher={{SIAM}}
}

@article{umeyama1991least,
	title={Least-squares estimation of transformation parameters between two point patterns},
	author={Umeyama, Shinji},
	journal={IEEE Transactions on Pattern Analysis \& Machine Intelligence},
	number={4},
	pages={376--380},
	year={1991},
	publisher={IEEE}
}

@techreport{mcadams2011computing,
	title={Computing the singular value decomposition of 3x3 matrices with minimal branching and elementary floating point operations},
	author={McAdams, Aleka and Selle, Andrew and Tamstorf, Rasmus and Teran, Joseph and Sifakis, Eftychios},
	year={2011},
	institution={University of Wisconsin-Madison Department of Computer Sciences}
}

@techreport{gast2016implicit,
	title={Implicit-shifted Symmetric {QR} Singular Value Decomposition of 3x3 Matrices},
	author={Gast, Theodore and Fu, Chuyuan and Jiang, Chenfanfu and Teran, Joseph},
	year={2016},
	institution={University of California, Los Angeles Los Angeles United States}
}

@book{nesterov2013introductory,
	title={Introductory lectures on convex optimization: {A} basic course},
	author={Nesterov, Yurii},
	volume={87},
	year={2013},
	publisher={Springer Science \& Business Media}
}

@inproceedings{nesterov1983method,
	title={A method for unconstrained convex minimization problem with the rate of convergence {O} (1/k\^{} 2)},
	author={Nesterov, Yurii},
	booktitle={Doklady AN USSR},
	volume={269},
	pages={543--547},
	year={1983}
}

@inproceedings{su2014differential,
	title={A differential equation for modeling Nesterov’s accelerated gradient method: Theory and insights},
	author={Su, Weijie and Boyd, Stephen and Candes, Emmanuel},
	booktitle={Advances in Neural Information Processing Systems},
	pages={2510--2518},
	year={2014}
}

@article{ghadimi2016accelerated,
	title={Accelerated gradient methods for nonconvex nonlinear and stochastic programming},
	author={Ghadimi, Saeed and Lan, Guanghui},
	journal={Mathematical Programming},
	volume={156},
	number={1-2},
	pages={59--99},
	year={2016},
	publisher={Springer}
}

@inproceedings{li2015accelerated,
	title={Accelerated proximal gradient methods for nonconvex programming},
	author={Li, Huan and Lin, Zhouchen},
	booktitle={Advances in Neural Information Processing Systems},
	pages={379--387},
	year={2015}
}

@inproceedings{jin2018accelerated,
	title={Accelerated Gradient Descent Escapes Saddle Points Faster than Gradient Descent},
	author={Jin, Chi and Netrapalli, Praneeth and Jordan, Michael I},
	booktitle={Conference On Learning Theory},
	year={2018}
}

@article{o2015adaptive,
	title={Adaptive restart for accelerated gradient schemes},
	author={O’donoghue, Brendan and Candes, Emmanuel},
	journal={Foundations of computational mathematics},
	volume={15},
	number={3},
	pages={715--732},
	year={2015},
	publisher={Springer}
}

@inproceedings{tron2009distributed,
	title={Distributed image-based {3-D} localization of camera sensor networks},
	author={Tron, Roberto and Vidal, Ren{\'e}},
	booktitle={IEEE Conference on Decision and Control (CDC)},
	year={2009},
}

@inproceedings{kuemmerle11icra,
	Address = {Shanghai, China},
	Author = {Kuemmerle, R. and Grisetti, G. and Strasdat, H. and Konolige, K. and Burgard, W.},
	Booktitle = {IEEE International Conference on Robotics and Automation (ICRA)},
	Year = {2011}}


@article{parikh2014proximal,
	title={Proximal algorithms},
	author={Parikh, Neal and Boyd, Stephen and others},
	journal={Foundations and Trends{\textregistered} in Optimization},
	volume={1},
	number={3},
	pages={127--239},
	year={2014},
	publisher={Now Publishers, Inc.}
}

@article{bolte2014proximal,
	title={Proximal alternating linearized minimization for nonconvex and nonsmooth problems},
	author={Bolte, J{\'e}r{\^o}me and Sabach, Shoham and Teboulle, Marc},
	journal={Mathematical Programming},
	volume={146},
	number={1-2},
	pages={459--494},
	year={2014},
	publisher={Springer}
}

@inproceedings{olson2006fast,
	title={Fast iterative alignment of pose graphs with poor initial estimates},
	author={Olson, Edwin and Leonard, John and Teller, Seth},
	booktitle={IEEE International Conference on Robotics and Automation (ICRA)},
	year={2006},
}

@article{grisetti2009nonlinear,
	title={Nonlinear constraint network optimization for efficient map learning},
	author={Grisetti, Giorgio and Stachniss, Cyrill and Burgard, Wolfram},
	journal={IEEE Transactions on Intelligent Transportation Systems},
	volume={10},
	number={3},
	pages={428--439},
	year={2009},
	publisher={IEEE}
}

@inproceedings{dong2015distributed,
	title={Distributed real-time cooperative localization and mapping using an uncertainty-aware expectation maximization approach},
	author={Dong, Jing and Nelson, Erik and Indelman, Vadim and Michael, Nathan and Dellaert, Frank},
	booktitle={IEEE International Conference on Robotics and Automation (ICRA)},
	year={2015}
}

@inproceedings{cieslewski2018data,
	title={Data-efficient decentralized visual {SLAM}},
	author={Cieslewski, Titus and Choudhary, Siddharth and Scaramuzza, Davide},
	booktitle={IEEE International Conference on Robotics and Automation (ICRA)},
	year={2018}
}

@inproceedings{cunningham2010ddf,
	title={{DDF-SAM: Fully distributed SLAM using constrained factor graphs}},
	author={Cunningham, Alexander and Paluri, Manohar and Dellaert, Frank},
	booktitle={IEEE/RSJ International Conference on Intelligent Robots and Systems},
	year={2010}
}

@inproceedings{choudhary2015exactly,
	title={Exactly sparse memory efficient {SLAM} using the multi-block alternating direction method of multipliers},
	author={Choudhary, Siddharth and Carlone, Luca and Christensen, Henrik I and Dellaert, Frank},
	booktitle={IEEE/RSJ International Conference on Intelligent Robots and Systems (IROS)},
	year={2015}
}

@article{fan2020cpl,
	title={{CPL-SLAM}: Efficient and certifiably correct planar graph-based SLAM using the complex number representation},
	author={Fan, Taosha and Wang, Hanlin and Rubenstein, Michael and Murphey, Todd},
	journal={IEEE Transactions on Robotics},
	volume={36},
	number={6},
	pages={1719--1737},
	year={2020},
	publisher={IEEE}
}

@article{tian2019distributed,
	title={Distributed Certifiably Correct Pose-Graph Optimization},
	author={Tian, Yulun and Khosoussi, Kasra and Rosen, David M and How, Jonathan P},
	journal={arXiv:1911.03721},
	year={2019}
}


@book{bertsekas2009convex,
	title={Convex optimization theory},
	author={Bertsekas, Dimitri P},
	year={2009},
	publisher={Athena Scientific Belmont}
}

@article{zhang2004nonmonotone,
	title={A nonmonotone line search technique and its application to unconstrained optimization},
	author={Zhang, Hongchao and Hager, William W},
	journal={SIAM Journal on Optimization},
	volume={14},
	number={4},
	pages={1043--1056},
	year={2004},
	publisher={SIAM}
}

@article{chang2020kimera,
	title={{Kimera-Multi}: {A} System for Distributed Multi-Robot Metric-Semantic Simultaneous Localization and Mapping},
	author={Chang, Yun and Tian, Yulun and How, Jonathan P and Carlone, Luca},
	journal={arXiv:2011.04087},
	year={2020}
}

@article{eric2020geod,
	title={{GeoD}: {Consensus}-based Geodesic Distributed Pose Graph Optimization},
	author={Cristofalo, Eric and Montijano, Eduardo and Schwager, Mac},
	journal={arXiv:2010.00156},
	year={2020}
}

@article{tchuiev2020distributed,
	title={Distributed Consistent Multi-Robot Semantic Localization and Mapping},
	author={Tchuiev, Vladimir and Indelman, Vadim},
	journal={IEEE Robotics and Automation Letters},
	volume={5},
	number={3},
	pages={4649--4656},
	year={2020},
	publisher={IEEE}
}

@inproceedings{cunningham2013ddf,
	title={{DDF-SAM 2.0}: Consistent distributed smoothing and mapping},
	author={Cunningham, Alexander and Indelman, Vadim and Dellaert, Frank},
	booktitle={IEEE International Conference on Robotics and Automation},
	pages={5220--5227},
	year={2013}
}

@article{saeedi2016multiple,
	title={Multiple-robot simultaneous localization and mapping: A review},
	author={Saeedi, Sajad and Trentini, Michael and Seto, Mae and Li, Howard},
	journal={Journal of Field Robotics},
	volume={33},
	number={1},
	pages={3--46},
	year={2016},
	publisher={Wiley Online Library}
}

@inproceedings{aragues2011multi,
	title={Multi-agent localization from noisy relative pose measurements},
	author={Aragues, Rosario and Carlone, Luca and Calafiore, G and Sagues, C},
	booktitle={IEEE International Conference on Robotics and Automation},
	pages={364--369},
	year={2011}
}

@article{lajoie2020door,
	title={{DOOR-SLAM}: {Distributed}, online, and outlier resilient SLAM for robotic teams},
	author={Lajoie, Pierre-Yves and Ramtoula, Benjamin and Chang, Yun and Carlone, Luca and Beltrame, Giovanni},
	journal={IEEE Robotics and Automation Letters},
	volume={5},
	number={2},
	pages={1656--1663},
	year={2020},
	publisher={IEEE}
}

@article{sun2016majorization,
	title={Majorization-minimization algorithms in signal processing, communications, and machine learning},
	author={Sun, Ying and Babu, Prabhu and Palomar, Daniel P},
	journal={IEEE Transactions on Signal Processing},
	volume={65},
	number={3},
	pages={794--816},
	year={2016},
	publisher={IEEE}
}

@article{rosen4advances,
  title={Advances in inference and representation for simultaneous localization and mapping},
	author={Rosen, David M and Doherty, Kevin J and Ter{\'a}n Espinoza, Antonio and Leonard, John J},
	journal={Annual Review of Control, Robotics, and Autonomous Systems},
	volume={4},
	pages={215--242},
	year={2021},
	publisher={Annual Reviews}
}

@inproceedings{geiger2012we,
	title={Are we ready for autonomous driving? {The} kitti vision benchmark suite},
	author={Geiger, Andreas and Lenz, Philip and Urtasun, Raquel},
	booktitle={IEEE Conference on Computer Vision and Pattern Recognition},
	pages={3354--3361},
	year={2012}
}

@inproceedings{rosen2020scalable,
	title={Scalable low-rank semidefinite programming for certifiably correct machine perception},
	author={Rosen, David M},
	booktitle={Intl. Workshop on the Algorithmic Foundations of Robotics (WAFR)},
	volume={3},
	year={2020}
}

@article{tian2020asynchronous,
	title={Asynchronous and parallel distributed pose graph optimization},
	author={Tian, Yulun and Koppel, Alec and Bedi, Amrit Singh and How, Jonathan P},
	journal={IEEE Robotics and Automation Letters},
	volume={5},
	number={4},
	pages={5819--5826},
	year={2020},
	publisher={IEEE}
}

@inproceedings{li2019coordinated,
	title={Coordinated multi-robot planning while preserving individual privacy},
	author={Li, Li and Bayuelo, Alfredo and Bobadilla, Leonardo and Alam, Tauhidul and Shell, Dylan A},
	booktitle={International Conference on Robotics and Automation (ICRA)},
	pages={2188--2194},
	year={2019}
}

@article{zhang2019complete,
	title={Complete characterization of a class of privacy-preserving tracking problems},
	author={Zhang, Yulin and Shell, Dylan A},
	journal={The International Journal of Robotics Research},
	volume={38},
	number={2-3},
	pages={299--315},
	year={2019},
	publisher={SAGE Publications Sage UK: London, England}
}

@inproceedings{agarwal2013robust,
	title={Robust map optimization using dynamic covariance scaling},
	author={Agarwal, Pratik and Tipaldi, Gian Diego and Spinello, Luciano and Stachniss, Cyrill and Burgard, Wolfram},
	booktitle={IEEE International Conference on Robotics and Automation},
	pages={62--69},
	year={2013}
}

@article{carlone2018convex,
	title={Convex relaxations for pose graph optimization with outliers},
	author={Carlone, Luca and Calafiore, Giuseppe C},
	journal={IEEE Robotics and Automation Letters},
	volume={3},
	number={2},
	pages={1160--1167},
	year={2018}
}

@InProceedings{barron2019cvpr,
	author = {Barron, Jonathan T.},
	title = {A General and Adaptive Robust Loss Function},
	booktitle = {Proceedings of the IEEE/CVF Conference on Computer Vision and Pattern Recognition (CVPR)},
	month = {June},
	year = {2019}
}

@article{dolan2002benchmarking,
	title={Benchmarking optimization software with performance profiles},
	author={Dolan, Elizabeth D and Mor{\'e}, Jorge J},
	journal={Mathematical Programming},
	volume={91},
	number={2},
	pages={201--213},
	year={2002},
	publisher={Springer}
}

@article{tian2021kimera,
	title={{Kimera-Multi}: {Robust}, Distributed, Dense Metric-Semantic SLAM for Multi-Robot Systems},
	author={Tian, Yulun and Chang, Yun and Arias, Fernando Herrera and Nieto-Granda, Carlos and How, Jonathan P and Carlone, Luca},
	journal={arXiv:2106.14386},
	year={2021}
}

@article{yang2020graduated,
	title={Graduated non-convexity for robust spatial perception: From non-minimal solvers to global outlier rejection},
	author={Yang, Heng and Antonante, Pasquale and Tzoumas, Vasileios and Carlone, Luca},
	journal={IEEE Robotics and Automation Letters},
	volume={5},
	number={2},
	pages={1127--1134},
	year={2020},
	publisher={IEEE}
}

@inproceedings{mangelson2018pairwise,
	title={Pairwise consistent measurement set maximization for robust multi-robot map merging},
	author={Mangelson, Joshua G and Dominic, Derrick and Eustice, Ryan M and Vasudevan, Ram},
	booktitle={2018 IEEE International Conference on Robotics and Automation (ICRA)},
	pages={2916--2923},
	year={2018},
	organization={IEEE}
}

@article{pineda2022theseus,
	title={Theseus: A Library for Differentiable Nonlinear Optimization},
	author={Pineda, Luis and Fan, Taosha and Monge, Maurizio and Venkataraman, Shobha and Sodhi, Paloma and Chen, Ricky and Ortiz, Joseph and DeTone, Daniel and Wang, Austin and  others},
	journal={arXiv:2207.09442},
	year={2022}
}